@article{sukhpaletal,
title = "Transformative Effects of IoT, Blockchain and Artificial Intelligence on Cloud Computing: Evolution, Vision, Trends and Open Challenges",
author = "Sukhpal Gill and Shreshth Tuli and Minxian Xu and Inderpreet Singh and Karan Singh and \textit{Dominic Lindsay} and Shikhar Tuli and Daria Smirnova and Manmeet Singh and Udit Jain and Haris Pervaiz and Bhanu Sehgal and Kaila, Sukhwinder Singh and Sanjay Misra and Aslanpour, Mohammad Sadegh and Harshit Mehta and Vlado Stankovski and Peter Garraghan",
keywords = "Internet of Things (IoT), Cloud computing, Artificial Intelligence, Blockchain",
year = "2019",
month = dec,
doi = "10.1016/j.iot.2019.100118",
language = "English",
volume = "8",
journal = "Internet of Things",
issn = "2542-6605",
publisher = "Elsevier",
}


@inproceedings{PRISM,
author = "Dominic Lindsay and Sukhpal Gill and Peter Garraghan",
title = "PRISM: An Experiment Framework for Straggler Analytics within Containerized Clusters",
booktitle = "WoC 2019 Fifth International Workshop on Container Technologies and Container Clouds",
keywords = "Straggler, Containers, Datacenters, Clusters",
year = "2019",
month = dec,
doi = "10.1145/3366615.3368353",
isbn = "9781450370332",
pages = "13--18",
publisher = "ACM",
}

